@Article{Yakovlev2014,
	Author="Yakovlev, P.  and Knyazev, S.  and Karabelsky, A. and Porozov, Y.",
	Title="{{I}g{C}{A}{T}: a Prefix Tree-Based Immunoglobulin Annotation System}",
	Journal="Nucleic Acids Res.",
	Year="2014",
	Volume="",
	Number="",
	Pages="",
	Month="",
	doi={}
}
@Misc{Tomlinson1996,
   Author="Tomlinson, I. M. and et~al",
   Title="{V}{B}{A}{S}{E} {S}equence {D}irectory {M}{R}{C}",
   Year="1996",
   Howpublished = "Centre for Protein Engineering Cambridge, UK.
   Available: \href{www2.mrc-lmb.cam.ac.uk/vbase}{http://www2.mrc-lmb.cam.ac.uk/vbase/}.
   Accessed 23 July 2014"
}
@Article{Ye2013,
	Author="Ye, J.  and Ma, N.  and Madden, T. L.  and Ostell, J. M.",
	Title="{{I}g{B}{L}{A}{S}{T}: an immunoglobulin variable domain sequence analysis tool}",
	Journal="Nucleic Acids Res.",
	Year="2013",
	Volume="41",
	Number="Web Server issue",
	Pages="34--40",
	Month="Jul",
	doi={10.1093/nar/gkt382}
}
@Article{Lyskov2013,
   Author="Lyskov, S.  and Chou, F. C.  and Conchuir, S. O.  and Der, B. S.  and Drew, K.  and Kuroda, D.  and Xu, J.  and Weitzner, B. D.  and Renfrew, P. D.  and Sripakdeevong, P.  and Borgo, B.  and Havranek, J. J.  and Kuhlman, B.  and Kortemme, T.  and Bonneau, R.  and Gray, J. J.  and Das, R. ",
   Title="{{S}erverification of molecular modeling applications: the {R}osetta {O}nline {S}erver that {I}ncludes {E}veryone ({R}{O}{S}{I}{E})}",
   Journal="PLoS ONE",
   Year="2013",
   Volume="8",
   Number="5",
   Pages="e63906",
   doi={10.1371/journal.pone.0063906}
}